<?xml version="1.0" encoding="UTF-8"?><collection xmlns="http://www.loc.gov/MARC21/slim"><record><leader>00383nam--2200145-i-4500</leader><controlfield tag="001">000005676</controlfield><controlfield tag="002">20161230</controlfield><controlfield tag="005">20161230201026</controlfield><controlfield tag="008">060222s1000------------r-----000-0-eng-d</controlfield><datafield ind1=" " ind2=" " tag="080"><subfield code="a">517.443</subfield></datafield><datafield ind1=" " ind2=" " tag="100"><subfield code="a">Arsac, J</subfield></datafield><datafield ind1=" " ind2=" " tag="245"><subfield code="a">Transformation de fourier et theorie des distributions</subfield></datafield><datafield ind1=" " ind2=" " tag="260"><subfield code="a">Paris, Dunod, 1961 Xv + 347 P</subfield></datafield><datafield ind1=" " ind2=" " tag="852"><subfield code="a">16764</subfield><subfield code="c">517.63</subfield></datafield><datafield ind1=" " ind2=" " tag="CAT"><subfield code="a">Sys</subfield><subfield code="c">20080916</subfield><subfield code="h">081604</subfield></datafield></record></collection>